<record><leader>00000cas a2200000 a 4500</leader><controlfield tag="001">10130048</controlfield><controlfield tag="008">831115d18041818pauwr ne      0    0eng c</controlfield><datafield ind1=" " ind2=" " tag="010"><subfield code="a">sn 83032069 </subfield></datafield><datafield ind1=" " ind2=" " tag="040"><subfield code="a">NPU</subfield><subfield code="b">eng</subfield><subfield code="c">NPU</subfield><subfield code="d">NPY</subfield><subfield code="d">DLC</subfield><subfield code="d">NPX</subfield><subfield code="d">NVK</subfield><subfield code="d">OCL</subfield><subfield code="d">NYS</subfield><subfield code="d">OCLCG</subfield><subfield code="d">BUF</subfield><subfield code="d">KRTAS</subfield><subfield code="d">DLC</subfield><subfield code="d">OCLCQ</subfield><subfield code="d">OCLCF</subfield></datafield><datafield ind1="1" ind2=" " tag="029"><subfield code="a">AU@</subfield><subfield code="b">000020128023</subfield></datafield><datafield ind1=" " ind2=" " tag="042"><subfield code="a">pcc</subfield></datafield><datafield ind1=" " ind2=" " tag="043"><subfield code="a">n-us-pa</subfield></datafield><datafield ind1="0" ind2="0" tag="050"><subfield code="a">Newspaper</subfield></datafield><datafield ind1="1" ind2="4" tag="050"><subfield code="a">AN286</subfield><subfield code="b">.P43</subfield></datafield><datafield ind1="0" ind2="0" tag="245"><subfield code="a">Pennsylvania correspondent, and farmers' advertiser.</subfield></datafield><datafield ind1="1" ind2="3" tag="246"><subfield code="a">Pennsylvania correspondent &amp; farmers' advertiser</subfield></datafield><datafield ind1="1" ind2="3" tag="246"><subfield code="a">Pennsylvania correspondent</subfield></datafield><datafield ind1="1" ind2="3" tag="246"><subfield code="a">Farmers' advertiser</subfield></datafield><datafield ind1=" " ind2=" " tag="260"><subfield code="a">Doylestown, County of Bucks, Pa. :</subfield><subfield code="b">Asher Miner,</subfield><subfield code="c">1804-1818.</subfield></datafield><datafield ind1=" " ind2=" " tag="300"><subfield code="a">v. ;</subfield><subfield code="c">50 cm.</subfield></datafield><datafield ind1=" " ind2=" " tag="310"><subfield code="a">Weekly</subfield></datafield><datafield ind1="0" ind2=" " tag="362"><subfield code="a">Vol. 1, no. 1 (July 7, 1804)-v. 15, no. 735 (Aug. 4, 1818).</subfield></datafield><datafield ind1=" " ind2=" " tag="500"><subfield code="a">"Federal Republican."</subfield></datafield><datafield ind1=" " ind2=" " tag="500"><subfield code="a">Motto: "This folio of four pages--happy work! What is it but a map of busy life, --its fluctuations, and its vast concerns?"</subfield></datafield><datafield ind1="4" ind2=" " tag="510"><subfield code="a">Shaw &amp; Shoemaker</subfield><subfield code="c">7022</subfield></datafield><datafield ind1="4" ind2=" " tag="510"><subfield code="a">Brigham, C.S. Amer. newspapers,</subfield><subfield code="c">p. 842</subfield></datafield><datafield ind1=" " ind2=" " tag="515"><subfield code="a">Vol. 1, no. 2 issued July 18, 1804.</subfield></datafield><datafield ind1=" " ind2=" " tag="530"><subfield code="a">Also issued on microfilm from Readex Microprint Corp. as part of the Early American newspapers series.</subfield></datafield><datafield ind1=" " ind2="0" tag="651"><subfield code="a">Doylestown (Pa.)</subfield><subfield code="v">Newspapers.</subfield></datafield><datafield ind1=" " ind2="0" tag="651"><subfield code="a">Bucks County (Pa.)</subfield><subfield code="v">Newspapers.</subfield></datafield><datafield ind1=" " ind2="7" tag="655"><subfield code="a">Newspapers.</subfield><subfield code="2">fast</subfield><subfield code="0">(OCoLC)fst01423814</subfield></datafield><datafield ind1=" " ind2="7" tag="651"><subfield code="a">Pennsylvania</subfield><subfield code="z">Bucks County.</subfield><subfield code="2">fast</subfield><subfield code="0">(OCoLC)fst01210486</subfield></datafield><datafield ind1=" " ind2="7" tag="651"><subfield code="a">Pennsylvania</subfield><subfield code="z">Doylestown.</subfield><subfield code="2">fast</subfield><subfield code="0">(OCoLC)fst01213797</subfield></datafield><datafield ind1="1" ind2=" " tag="700"><subfield code="a">Miner, Asher,</subfield><subfield code="d">1778-1841.</subfield></datafield><datafield ind1=" " ind2=" " tag="752"><subfield code="a">United States</subfield><subfield code="b">Pennsylvania</subfield><subfield code="c">Bucks</subfield><subfield code="d">Doylestown.</subfield></datafield><datafield ind1="0" ind2="0" tag="785"><subfield code="t">Correspondent, and farmers' advertiser</subfield><subfield code="w">(DLC)sn 86071356</subfield><subfield code="w">(OCoLC)13458874</subfield></datafield><datafield ind1=" " ind2=" " tag="938"><subfield code="a">Kirtas Technologies, Inc.</subfield><subfield code="b">KRTS</subfield><subfield code="n">737896</subfield></datafield></record>